<?xml version="1.0" encoding="UTF-8"?><collection xmlns="http://www.loc.gov/MARC21/slim"><record><leader>00406nam--2200121-i-4500</leader><controlfield tag="001">000040740</controlfield><controlfield tag="002">20161230</controlfield><controlfield tag="005">20161230201042</controlfield><controlfield tag="008">060222s1000------------r-----000-0-eng-d</controlfield><datafield ind1=" " ind2=" " tag="100"><subfield code="a">Schulz,E.H., L.T.Anderson., R.M.Leger</subfield></datafield><datafield ind1=" " ind2=" " tag="245"><subfield code="a">Experiments in electronics and communication engineering. covering bases theory of circuit electronics</subfield></datafield><datafield ind1=" " ind2=" " tag="260"><subfield code="a">New York, Harper And Brothers, K1954. X+342 P</subfield></datafield><datafield ind1=" " ind2=" " tag="852"><subfield code="a">11992</subfield></datafield></record></collection>